
@misc{Authors14,
 author = {Authors},
 title = {The frobnicatable foo filter},
 note = {Face and Gesture  submission ID 324. Supplied as additional material {\tt fg324.pdf}},
 year = 2014
}

@article{cyclegan,
 author = {J.~-Y. Zhu and T. Park and P. Isola and A.~A. Efros},
 title = {Unpaired Image-to-Image Translation using Cycle-Consistent Adversarial Networks},
 journal = {CVPR},
 year = 2017
}

@article{pix2pix,
 author = {P. Isola and J. -Y. Zhu and T. Zhou and A. A. Efros},
 title = {Image-to-image translation with conditional adversarial networks},
 journal = {CVPR},
 year = 2017
}

@article{rel1,
 author = {D. Eigen and R. Fergus},
 title = {Predicting depth, surface normal and semantic labels with a common multi-scale},
 journal = {ICCV},
 year = 2015
}

@article{rel2,
 author = {D. Eigen and R. Fergus},
 title = {Predicting depth, surface normal and semantic labels with a common multi-scale},
 journal = {ICCV},
 year = 2015
}

@article{rel3,
 author = {A. Hertzmann and C. E. Jacobs and N. Oliver and B. Curless and D. H. Salesin},
 title = {Image analogies},
 journal = {SIGGRAPH},
 year = 2001
}

@article{rel4,
 author = {J. Johnson and A. Alahi and L. Fei-Fei},
 title = {Perceptual losses for real-time style transfer and super-resolution},
 journal = {ECCV},
 year = 2016
}

@article{rel5,
 author = {P.-Y. Laffont and Z. Ren and X. Tao and C. Qian and J. Hays},
 title = {Transient attributes for high-level understanding and editing of outdoor scenes},
 journal = {ACM TOG, 33(4):149},
 year = 2014
}

@article{rel6,
 author = {J. Long and E. Shelhamer and T. Darrell},
 title = {Fully convolutional networks for semantic segmentation},
 journal = {CVPR},
 year = 2015
}

@article{rel7,
 author = {Y. Shih and S. Paris and F. Durand and W. T. Freeman},
 title = {Datadriven hallucination of different times of day from a single outdoor photo},
 journal = {ACM TOG, 32(6):200},
 year = 2013
}
 
@article{rel8,
 author = {X. Wang and A. Gupta},
 title = {Generative image modeling using style and structure adversarial networks},
 journal = {ECCV},
 year = 2016
}

@article{rel9,
 author = {S. Xie and Z. Tu},
 title = {Holistically-nested edge detection},
 journal = {ICCV	},
 year = 2015
}

@article{rel10,
 author = {R. Zhang and P. Isola and A. A. Efros},
 title = {Colorful image colorization},
 journal = {ECCV},
 year = 2016
}

@article{gan1,
 author = {I. Goodfellow},
 title = {NIPS 2016 tutorial: Generative adversarial},
 journal = {arXiv preprint arXiv:1701.00160},
 year = 2016
}

@article{gan2,
 author = {. Goodfellow and J. Pouget-Abadie and M. Mirza and B. Xu and D. Warde-Farley and 
 S. Ozair and A. Courville and Y. Bengio},
 title = {Generative adversarial nets},
 journal = {NIPS},
 year = 2014
}

@article{Alpher02,
author = {A. Alpher},
title = {Frobnication},
journal = {Journal of Foo},
volume = 12, 
number = 1, 
pages = {234--778}, 
year = 2002
}

@article{Alpher03,
author = {A. Alpher and  J.~P.~N. Fotheringham-Smythe},
title = {Frobnication revisited},
journal = {Journal of Foo},
volume = 13, 
number = 1, 
pages = {234--778}, 
year = 2003
}

@article{Alpher04,
author = {A. Alpher and J.~P.~N. Fotheringham-Smythe and G. Gamow},
title = {Can a machine frobnicate?},
journal = {Journal of Foo},
volume = 14, 
number = 1, 
pages = {234--778}, 
year = 2004
}
